@article{bahrepour2008automatic,
  title={Automatic fire detection: A survey from wireless sensor network perspective},
  author={Bahrepour, Majid and Meratnia, Nirvana and Havinga, PJM},
  year={2008},
  publisher={University of Twente, Centre for Telematics and Information Technology}
}

@inproceedings{hefeeda2007wireless,
  title={Wireless sensor networks for early detection of forest fires},
  author={Hefeeda, Mohamed and Bagheri, Majid},
  booktitle={Mobile Adhoc and Sensor Systems, 2007. MASS 2007. IEEE Internatonal Conference on},
  pages={1--6},
  year={2007},
  organization={IEEE}
}