@article{ahmed2009efficient,
  title={Efficient tree structures for high utility pattern mining in incremental databases},
  author={Ahmed, Chowdhury Farhan and Tanbeer, Syed Khairuzzaman and Jeong, Byeong-Soo and Lee, Young-Koo},
  journal={Knowledge and Data Engineering, IEEE Transactions on},
  volume={21},
  number={12},
  pages={1708--1721},
  year={2009},
  publisher={IEEE}
}

@article{raissi2007towards,
  title={Towards a new approach for mining frequent itemsets on data stream},
  author={Ra{\"\i}ssi, Chedy and Poncelet, Pascal and Teisseire, Maguelonne},
  journal={Journal of Intelligent Information Systems},
  volume={28},
  number={1},
  pages={23--36},
  year={2007},
  publisher={Springer}
}

@article{metwally2006integrated,
  title={An integrated efficient solution for computing frequent and top-k elements in data streams},
  author={Metwally, Ahmed and Agrawal, Divyakant and Abbadi, Amr El},
  journal={ACM Transactions on Database Systems (TODS)},
  volume={31},
  number={3},
  pages={1095--1133},
  year={2006},
  publisher={ACM}
}
@article{jiang2006research,
  title={Research issues in data stream association rule mining},
  author={Jiang, Nan and Gruenwald, Le},
  journal={ACM Sigmod Record},
  volume={35},
  number={1},
  pages={14--19},
  year={2006},
  publisher={ACM}


@inproceedings{leung2006dstree,
  title={DSTree: a tree structure for the mining of frequent sets from data streams},
  author={Leung, Carson Kai-Sang and Khan, Quamrul and others},
  booktitle={Data Mining, 2006. ICDM'06. Sixth International Conference on},
  pages={928--932},
  year={2006},
  organization={IEEE}
}

@article{chang2005estwin,
  title={estWin: Online data stream mining of recent frequent itemsets by sliding window method},
  author={Chang, Joong Hyuk and Lee, Won Suk},
  journal={Journal of Information Science},
  volume={31},
  number={2},
  pages={76--90},
  year={2005},
  publisher={Sage Publications}
}

@article{chang2004sliding,
  title={A sliding window method for finding recently frequent itemsets over online data streams},
  author={Chang, Joong Hyuk and Lee, Won Suk},
  journal={Journal of Information science and Engineering},
  volume={20},
  number={4},
  pages={753--762},
  year={2004},
  publisher={中央研究院資訊科學研究所}
}

@inproceedings{lin2005mining,
  title={Mining Frequent Itemsets from Data Streams with a Time-Sensitive Sliding Window.},
  author={Lin, Chih-Hsiang and Chiu, Ding-Ying and Wu, Yi-Hung and Chen, Arbee LP},
  booktitle={SDM},
  pages={68--79},
  year={2005},
  organization={SIAM}
}

@inproceedings{chi2004moment,
  title={Moment: Maintaining closed frequent itemsets over a stream sliding window},
  author={Chi, Yun and Wang, Haixun and Yu, Philip S and Muntz, Richard R},
  booktitle={Data Mining, 2004. ICDM'04. Fourth IEEE International Conference on},
  pages={59--66},
  year={2004},
  organization={IEEE}
}


@inproceedings{agrawal1993mining,
  title={Mining association rules between sets of items in large databases},
  author={Agrawal, Rakesh and Imieli{\'n}ski, Tomasz and Swami, Arun},
  booktitle={ACM SIGMOD Record},
  volume={22},
  number={2},
  pages={207--216},
  year={1993},
  organization={ACM}
}

@inproceedings{antonie2001application,
  title={Application of Data Mining Techniques for Medical Image Classification.},
  author={Antonie, Maria-Luiza and Zaiane, Osmar R and Coman, Alexandru},
  booktitle={Proceedings of the Second International Workshop on Multimedia Data Mining, MDM/KDD'2001, August 26th, 2001, San Francisco, CA, USA},
  pages={94--101},
  year={2001}
}

@inproceedings{cong2004farmer,
  title={Farmer: Finding interesting rule groups in microarray datasets},
  author={Cong, Gao and Tung, Anthony KH and Xu, Xin and Pan, Feng and Yang, Jiong},
  booktitle={Proceedings of the 2004 ACM SIGMOD international conference on Management of data},
  pages={143--154},
  year={2004},
  organization={ACM}
}


@inproceedings{manning2005new,
  title={A new algorithm for finding minimal sample uniques for use in statistical disclosure assessment},
  author={Manning, Anna M and Haglin, David J},
  booktitle={Data Mining, Fifth IEEE International Conference on},
  pages={8--pp},
  year={2005},
  organization={IEEE}
}

@article{manning2008recursive,
  title={A recursive search algorithm for statistical disclosure assessment},
  author={Manning, Anna M and Haglin, David J and Keane, John A},
  journal={Data Mining and Knowledge Discovery},
  volume={16},
  number={2},
  pages={165--196},
  year={2008},
  publisher={Springer}
}

@inproceedings{haglin2007minimal,
  title={On Minimal Infrequent Itemset Mining.},
  author={Haglin, David J and Manning, Anna M},
  booktitle={DMIN},
  pages={141--147},
  year={2007}
}

@inproceedings{wang2000efficient,
  title={Efficient mining of weighted association rules (WAR)},
  author={Wang, Wei and Yang, Jiong and Yu, Philip S},
  booktitle={Proceedings of the sixth ACM SIGKDD international conference on Knowledge discovery and data mining},
  pages={270--274},
  year={2000},
  organization={ACM}
}

@inproceedings{tao2003weighted,
  title={Weighted association rule mining using weighted support and significance framework},
  author={Tao, Feng and Murtagh, Fionn and Farid, Mohsen},
  booktitle={Proceedings of the ninth ACM SIGKDD international conference on Knowledge discovery and data mining},
  pages={661--666},
  year={2003},
  organization={ACM}
}

@article{sun2008mining,
  title={Mining weighted association rules without preassigned weights},
  author={Sun, Ke and Bai, Fengshan},
  journal={Knowledge and Data Engineering, IEEE Transactions on},
  volume={20},
  number={4},
  pages={489--495},
  year={2008},
  publisher={IEEE}
}

@article{ahmed2009efficient,
  title={An efficient algorithm for sliding window-based weighted frequent pattern mining over data streams},
  author={Ahmed, Chowdhury Farhan and Tanbeer, Syed Khairuzzaman and Jeong, Byeong-Soo and Young-Koo, LEE},
  journal={IEICE TRANSACTIONS on Information and Systems},
  volume={92},
  number={7},
  pages={1369--1381},
  year={2009},
  publisher={The Institute of Electronics, Information and Communication Engineers}
}

@inproceedings{ahmed2008shrfp,
  title={ShrFP-Tree: an efficient tree structure for mining share-frequent patterns},
  author={Ahmed, Chowdhury Farhan and Tanbeer, Syed Khairuzzaman and Jeong, Byeong-Soo and Lee, Young-Koo},
  booktitle={Proceedings of the 7th Australasian Data Mining Conference-Volume 87},
  pages={79--86},
  year={2008},
  organization={Australian Computer Society, Inc.}
}

@article{cagliero2014infrequent,
  title={Infrequent weighted itemset mining using frequent pattern growth},
  author={Cagliero, Luca and Garza, Paolo},
  journal={Knowledge and Data Engineering, IEEE Transactions on},
  volume={26},
  number={4},
  pages={903--915},
  year={2014},
  publisher={IEEE}
}

@inproceedings{wang2000efficient,
  title={Efficient mining of weighted association rules (WAR)},
  author={Wang, Wei and Yang, Jiong and Yu, Philip S},
  booktitle={Proceedings of the sixth ACM SIGKDD international conference on Knowledge discovery and data mining},
  pages={270--274},
  year={2000},
  organization={ACM}
}

@inproceedings{tao2003weighted,
  title={Weighted association rule mining using weighted support and significance framework},
  author={Tao, Feng and Murtagh, Fionn and Farid, Mohsen},
  booktitle={Proceedings of the ninth ACM SIGKDD international conference on Knowledge discovery and data mining},
  pages={661--666},
  year={2003},
  organization={ACM}
}

