@article{almuzaini2010range,
  title={Range-Based Localization in Wireless Networks Using Density-Based Outlier Detection.},
  author={Almuzaini, Khalid K and Gulliver, T Aaron},
  journal={Wireless Sensor Network},
  volume={2},
  number={11},
  pages={807--814},
  year={2010}
}
@article{bachrach2005localization,
  title={Localization in sensor networks},
  author={Bachrach, Jonathan and Taylor, Christopher},
  journal={Handbook of sensor networks: Algorithms and Architectures},
  volume={1},
  year={2005},
  publisher={John Wiley \& Sons}
}
@article{boudhir2010new,
  title={New Technique of Wireless Sensor Networks Localization based on Energy Consumption},
  author={Boudhir, Anouar Abdelhakim and Mohamed, Bouhorma and Mohamed, Ben Ahmed},
  journal={International Journal of Computer Applications},
  volume={9},
  number={12},
  pages={25--28},
  year={2010},
  publisher={International Journal of Computer Applications, 244 5 th Avenue,\# 1526, New York, NY 10001, USA India}
}
@inproceedings{hefeeda2007wireless,
  title={Wireless sensor networks for early detection of forest fires},
  author={Hefeeda, Mohamed and Bagheri, Majid},
  booktitle={Mobile Adhoc and Sensor Systems, 2007. MASS 2007. IEEE Internatonal Conference on},
  pages={1--6},
  year={2007},
  organization={IEEE}
}
@inproceedings{huang2006range,
  title={A range-free localization algorithm for wireless sensor networks},
  author={Huang, Qiqian and Selvakennedy, S},
  booktitle={Vehicular Technology Conference, 2006. VTC 2006-Spring. IEEE 63rd},
  volume={1},
  pages={349--353},
  year={2006},
  organization={IEEE}

}
@inproceedings{huang2010practical,
  title={A practical localization algorithm based on wireless sensor networks},
  author={Huang, Tao and Chen, Zhikui and Xia, Feng and Jin, Cheng and Li, Liang},
  booktitle={Green Computing and Communications (GreenCom), 2010 IEEE/ACM Int'l Conference on \& Int'l Conference on Cyber, Physical and Social Computing (CPSCom)},
  pages={50--54},
  year={2010},
  organization={IEEE}
}
@inproceedings{liu2005performance,
  title={Performance evaluation of range-free localization methods for wireless sensor networks},
  author={Liu, Chong and Wu, Kui},
  booktitle={Performance, Computing, and Communications Conference, 2005. IPCCC 2005. 24th IEEE International},
  pages={59--66},
  year={2005},
  organization={IEEE}
}
@article{mao2007wireless,
  title={Wireless sensor network localization techniques},
  author={Mao, Guoqiang and Fidan, Bar{\i}{\c{s}} and Anderson, Brian},
  journal={Computer networks},
  volume={51},
  number={10},
  pages={2529--2553},
  year={2007},
  publisher={Elsevier}
}
@article{niewiadomska2011localization,
  title={Localization in Wireless Sensor Networks Using Heuristic Optimization Techniques},
  author={Niewiadomska-Szynkiewicz, Ewa and Marks, Micha{\l} and Kamola, Mariusz},
  journal={Journal of Telecommunications and Information Technology},
  number={4},
  pages={55--64},
  year={2011}
}
@article{niewiadomska2012localization,
  title={Localization in wireless sensor networks: Classification and evaluation of techniques},
  author={Niewiadomska-Szynkiewicz, Ewa},
  journal={International Journal of Applied Mathematics and Computer Science},
  volume={22},
  number={2},
  pages={281--297},
  year={2012},
  publisher={Versita}
}
@article{pal2010localization,
  title={Localization algorithms in wireless sensor networks: Current approaches and future challenges},
  author={Pal, Amitangshu},
  journal={Network Protocols and Algorithms},
  volume={2},
  number={1},
  pages={45--73},
  year={2010}
}
@article{patil2011mds,
  title={MDS and Trilateration Based Localization in Wireless Sensor Network.},
  author={Patil, Shailaja and Zaveri, Mukesh},
  journal={Wireless Sensor Network},
  volume={3},
  number={6},
  pages={198--208},
  year={2011}
}
@article{rahman2010ip,
  title={IP-MAC: A Distributed MAC for Spatial Reuse in Wireless Networks},
  author={Rahman, Md Mustafizur and Hong, Choong Seon and Sungwon, LEE and JangYeon, LEE and Cho, Jin Woong},
  journal={IEICE transactions on communications},
  volume={93},
  number={6},
  pages={1534--1546},
  year={2010},
  publisher={The Institute of Electronics, Information and Communication Engineers}
}
@inproceedings{ramadurai2003localization,
  title={Localization in Wireless Sensor Networks: A Probabilistic Approach.},
  author={Ramadurai, Vaidyanathan and Sichitiu, Mihail L},
  booktitle={International conference on wireless networks},
  pages={275--281},
  year={2003}
}
@inproceedings{rudafshani2007localization,
  title={Localization in wireless sensor networks},
  author={Rudafshani, Masoomeh and Datta, Suprakash},
  booktitle={Information Processing in Sensor Networks, 2007. IPSN 2007. 6th International Symposium on},
  pages={51--60},
  year={2007},
  organization={IEEE}
}
@inproceedings{xu2010wireless,
  title={Wireless source localization based on time of arrival measurement},
  author={Xu, Enyang and Ding, Zhi and Dasgupta, Soura},
  booktitle={Acoustics Speech and Signal Processing (ICASSP), 2010 IEEE International Conference on},
  pages={2842--2845},
  year={2010},
  organization={IEEE}
}
@article{yedavalli2008sequence,
  title={Sequence-based localization in wireless sensor networks},
  author={Yedavalli, Kiran and Krishnamachari, Bhaskar},
  journal={Mobile Computing, IEEE Transactions on},
  volume={7},
  number={1},
  pages={81--94},
  year={2008},
  publisher={IEEE}
}
@article{zheng2012range,
  title={Range-Free Localization in Wireless Sensor Networks with Neural Network Ensembles},
  author={Zheng, Jun and Dehghani, Asghar},
  journal={Journal of Sensor and Actuator Networks},
  volume={1},
  number={3},
  pages={254--271},
  year={2012},
  publisher={Multidisciplinary Digital Publishing Institute}
}
